@misc{kernix, title={A toy convolutional neural network for image classification with Keras}, howpublished={\url{https://www.kernix.com/blog/a-toy-convolutional-neural-network-for-image-classification-with-keras_p14}}, journal={kernix}}
@misc{3blue1brown, title={Neural networks}, howpublished={\url{https://www.youtube.com/playlist?list=PLZHQObOWTQDNU6R1_67000Dx_ZCJB-3pi}}, journal={YouTube}, publisher={YouTube}, author={3Blue1Brown}}
@misc{welch_labs, title={Neural Networks Demystified}, howpublished={\url{https://www.youtube.com/playlist?list=PLiaHhY2iBX9hdHaRr6b7XevZtgZRa1PoU}}, journal={YouTube}, publisher={YouTube}, author={Welch Labs}}
@misc{eremenko, title={Deep Learning A-Z: Download Practice Datasets}, howpublished={\url{https://www.superdatascience.com/deep-learning/}}, journal={SuperDataScience - Big Data | Analytics Careers | Mentors | Success}, author={EREMENKO, KIRILL}}
@misc{udemy, title={Deep Learning A-Z: Hands-On Artificial Neural Networks}, howpublished={\url{https://www.udemy.com/deeplearning}}, journal={Udemy}}